@misc{ licencia_apache,
       author = "Wikipedia",
       title = "Apache License",
       year = "2025",
       howpublished = {\url{https://es.wikipedia.org/wiki/Apache_License}},
}
@misc{ licencia_bsd,
       author = "Sofía González",
       title = "¿Qué es la licencia BSD?",
       year = "2023",
       howpublished = {\url{https://appmaster.io/es/blog/que-es-la-licencia-bsd}},
}
@misc{ licencia_mit,
       author = "Mit License",
       title = "The MIT License (MIT)",
       howpublished = {\url{https://mit-license.org/}},
}
@misc{ flutter_estructura,
       author = "jaimetellezb",
       title = "Flutter--Estructura proyecto",
       year = "2024",
       howpublished = {\url{https://jaimetellezb.com/posts/flutter/2024/quickstart/26-scaffolding/}},
}
@misc{ flutter_instalacion,
       author = "Blup",
       title = "https://medium.com/@blup-tool/step-by-step-guide-to-installing-flutter-and-dart-on-windows-b30a631e7583",
       year = "2023",
       howpublished = {\url{https://medium.com/@blup-tool/step-by-step-guide-to-installing-flutter-and-dart-on-windows-b30a631e7583}},
}
@misc{ seguridad_social,
       author = "Seguridad Social",
       title = "Bases y tipos de cotización",
       year = "2025",
       howpublished = {\url{https://www.seg-social.es/wps/portal/wss/internet/Trabajadores/CotizacionRecaudacionTrabajadores/36537}},
}