@misc{ api_xataka,
       author = "Yúbal Fernández",
       title = "API: qué es y para qué sirve",
       year = "2019",
       howpublished = {\url{https://www.xataka.com/basics/api-que-sirve}},
}
@misc{ api_amazon,
       author = "AWS Amazon",
       title = "¿Qué es una interfaz de programación de  aplicaciones (API)?",
       howpublished = {\url{https://aws.amazon.com/es/what-is/api/}},
}
@misc{ apk_xataka,
       author = "Yúbal Fernández",
       title = "APK de Android: qué son estos archivos y cómo se instalan",
       year = "2019",
       howpublished = {\url{https://www.xataka.com/basics/apk-android-que-estos-archivos-como-se-instalan}},
}
@misc{ apk_wikipedia,
       author = "Wikipedia",
       title = "APK (formato)",
       year = "2025",
       howpublished = {\url{https://es.wikipedia.org/wiki/APK_(formato)}},
}
@misc{ apk_browserstack,
       author = "BrowserStack",
       title = "APK file: What it is and how does it work?",
       year = "2025",
       howpublished = {\url{https://www.browserstack.com/guide/what-is-an-apk-file}},
}
@misc{ gantt_wikipedia,
       author = "Wikipedia",
       title = "Diagrama de Gantt",
       year = "2025",
       howpublished = {\url{https://es.wikipedia.org/wiki/Diagrama_de_Gantt}},
}
@misc{ gantt_canva,
       author = "Equipo de Canva",
       title = "Crear un diagrama de Gantt: Cómo hacerlo, plantillas y consejos",
       year = "2024",
       howpublished = {\url{https://www.canva.com/es_es/pizarra-online/diagrama-gantt/}},
}
@misc{ gestion_tareas,
       author = "Paul VanZandt",
       title = "¿Qué es la gestión de tareas? Definición, pasos, importancia, beneficios, herramientas y técnicas",
       year = "2022",
       howpublished = {\url{https://ideascale.com/es/blogs/definicion-de-gestion-de-tareas/}},
}
@misc{ persistencia,
       author = "Wikipedia",
       title = "Persistencia (informática)",
       year = "2024",
       howpublished = {\url{https://es.wikipedia.org/wiki/Persistencia_(inform%C3%A1tica)}},
}
@misc{ asincrona_softplan,
       author = "Cassio",
       title = "¿Qué es la programación asincrónica y cómo utilizarla?",
       year = "2022",
       howpublished = {\url{https://www.softplan.com.br/es/tech-writers/o-que-e-programacao-assincrona-e-como-utiliza-la/}},
}
@misc{ asincrona_dart,
       author = "Dart",
       title = "Asyncronous programming: futures, async, await",
       year = "2025",
       howpublished = {\url{https://dart.dev/libraries/async/async-await}},
}
@misc{ arquitectura_medium,
       author = "Diego C",
       title = {'Introducción a las 'Clean Architectures''},
       year = "2023",
       howpublished = {\url{https://medium.com/@diego.coder/introducci%C3%B3n-a-las-clean-architectures-723fe9fe17fa}},
}
@misc{ arquitectura_domain,
       author = "DomainLogic",
       title = "Clean Architecture: qué es, importancia y beneficios para tu empresa",
       howpublished = {\url{https://domainlogic.io/clean-architecture-que-es-importancia-y-beneficios-para-tu-empresa/}},
}
@misc{ related_moodle,
       author = "Moodle",
       title = "Moodle app",
       howpublished = {\url{https://download.moodle.org/mobile}},
}
@misc{ related_cuckoo,
       author = "thermitex",
       title = "cuckoo-flutter",
       year = "2015",
       howpublished = {\url{https://github.com/thermitex/cuckoo-flutter}},
}
@misc{ related_trello,
       author = "Yanina Muradas",
       title = "Qué es Trello",
       year = "2020",
       howpublished = {\url{https://openwebinars.net/blog/que-es-trello/}},
}
@misc{ http,
       author = "dart.dev",
       title = "http Dart package",
       howpublished = {\url{https://pub.dev/packages/http}},
}
@misc{ shared_preferences,
       author = "flutter.dev",
       title = "shared\_preferences Flutter package",
       howpublished = {\url{https://pub.dev/packages/shared\_preferences}},
}
@misc{ intl,
       author = "dart.dev",
       title = "intl Dart package",
       howpublished = {\url{https://pub.dev/packages/intl}},
}
@misc{ flutter_localizations,
       author = "Unverified uploader",
       title = "flutter\_localization Flutter package",
       howpublished = {\url{https://pub.dev/packages/flutter\_localization}},
}
@misc{ supabase,
       author = "supabase.io",
       title = "supabase\_flutter Flutter package",
       howpublished = {\url{https://pub.dev/packages/supabase\_flutter}},
}
@misc{ dot_env,
       author = "Unverified uploader",
       title = "flutter\_dotenv Flutter package",
       howpublished = {\url{https://pub.dev/packages/flutter\_dotenv}},
}
@misc{ url_launcher,
       author = "flutter.dev",
       title = "url\_launcher Flutter package",
       howpublished = {\url{https://pub.dev/packages/url\_launcher}},
}
@misc{ widget_from_html,
       author = "daohoangson.com",
       title = "flutter\_widget\_from\_html Flutter package",
       howpublished = {\url{https://pub.dev/packages/flutter\_widget\_from\_html}},
}
@misc{ sliding,
       author = "akshathjain.com",
       title = "sliding\_up\_panel Flutter package",
       howpublished = {\url{https://pub.dev/packages/sliding\_up\_panel}},
}
@misc{ calendar,
       author = "Unverified uploader",
       title = "calendar\_date\_picker2 Flutter package",
       howpublished = {\url{https://pub.dev/packages/calendar\_date\_picker2}},
}
@misc{ slidable,
       author = "romainrastel.com",
       title = "flutter\_slidable Flutter package",
       howpublished = {\url{https://pub.dev/packages/flutter\_slidable}},
}
@misc{ dart,
       author = "Dart",
       title = "Dart programming language",
       howpublished = {\url{https://dart.dev/}},
}
@misc{ flutter,
       author = "Flutter",
       title = "Flutter - Build apps for any screen",
       howpublished = {\url{https://flutter.dev/}},
}
@misc{ scrum,
       author = "Claire Drumond",
       title = "Qué es Scrum y cómo empezar",
       howpublished = {\url{https://www.atlassian.com/es/agile/scrum}},
}
@misc{ api_moodle,
       author = "Moodle",
       title = "Web service API functions",
       year = "2023",
       howpublished = {\url{https://docs.moodle.org/dev/Web_service_API_functions}},
}
@misc{ multiplataforma,
       author = "Claudia López",
       title = "Desarrollo multiplataforma: Te explicamos cómo el software y las apps pueden funcionar en múltiples dispositivos",
       year = "2022",
       howpublished = {\url{https://www.northware.mx/blog/desarrollo-multiplataforma/}},
}